@article{Koebe1936,
  title={Kontaktprobleme der konformen Abbildung},
  author={Koebe, Paul},
  journal={Ber. Sächs. Akad. Wiss. Leipzig, Math.-Phys. Klasse},
  volume={88},
  pages={141--164},
  year={1936}
}

@article{Breu1998,
	title = {Unit disk graph recognition is {NP}-hard},
	volume = {9},
	doi = {10.1016/S0925-7721(97)00014-X},
	number = {1-2},
	journal = {Computational Geometry},
	author = {Breu, Heinz and Kirkpatrick, David G.},
	year = {1998},
	pages = {3--24},
}

@article{Cleve2020,
	title = {Weak {Unit} {Disk} {Contact} {Representations} for {Graphs} without {Embedding}},
	journal = {CoRR},
	author = {Cleve, Jonas},
	month = oct,
	year = {2020},
    archivePrefix = {arXiv},
    eprint        = {2010.01886},
    primaryClass  = {abs},
}

@incollection{Klemz2015,
    issn = {0302-9743},
    pages = {433--446},
    publisher = {Springer International Publishing},
    booktitle = {Graph Drawing and Network Visualization},
    year = {2015},
    title = {Recognizing Weighted Disk Contact Graphs},
    copyright = {Springer International Publishing Switzerland 2015},
    author = {Klemz, Boris and Nöllenburg, Martin and Prutkin, Roman},
    doi = {10.1007/978-3-319-27261-0_36},
}

@incollection{Bhore2021,
	title = {Unit {Disk} {Representations} of {Embedded} {Trees}, {Outerplanar} and {Multi}-legged {Graphs}},
	volume = {12868},
	booktitle = {Graph {Drawing} and {Network} {Visualization}},
	publisher = {Springer International Publishing},
	author = {Bhore, Sujoy and Löffler, Maarten and Nickel, Soeren and Nöllenburg, Martin},
	year = {2021},
	doi = {10.1007/978-3-030-92931-2_22},
	pages = {304--317},
}

@article{Hale1980,
  title={Frequency assignment: Theory and applications},
  author={Hale, William K.},
  journal={Proceedings of the IEEE},
  volume={68},
  number={12},
  pages={1497--1514},
  year={1980},
  doi={10.1109/PROC.1980.11899},
  publisher={IEEE}
}

@inproceedings{Chiu2019,
	title = {Recognizing embedded caterpillars with weak unit disk contact representations is {NP}-hard},
	url = {http://www.eurocg2019.uu.nl/papers/47.pdf},
	booktitle = {Proceedings of the 35th {European} {Workshop} on {Computational} {Geometry}},
	year = {2019},
	author = {Chiu, Man-Kwun and Cleve, Jonas and Nöllenburg, Martin},
}

@incollection{Bowen2015,
	title = {Realization of {Simply} {Connected} {Polygonal} {Linkages} and {Recognition} of {Unit} {Disk} {Contact} {Trees}},
	volume = {9411},
	booktitle = {Graph {Drawing} and {Network} {Visualization}},
	publisher = {Springer International Publishing},
	author = {Bowen, Clinton and Durocher, Stephane and Löffler, Maarten and Rounds, Anika and Schulz, André and Tóth, Csaba D.},
	year = {2015},
	doi = {10.1007/978-3-319-27261-0_37},
	pages = {447--459},
}

@incollection{Felsner2013,
	title = {Rectangle and {Square} {Representations} of {Planar} {Graphs}},
	booktitle = {Thirty {Essays} on {Geometric} {Graph} {Theory}},
	publisher = {Springer New York},
	author = {Felsner, Stefan},
	year = {2013},
	doi = {10.1007/978-1-4614-0110-0_12},
	pages = {213--248},
}

@misc{GoogleTest,
    title = {Google Testing and Mocking Framework},
    url = {https://github.com/google/googletest},
	urldate = {2022-10-09},
	month = {10},
	year = {2022},
    author = {Google}
}

@misc{CMake,
    title = {CMake Build System},
    url = {https://cmake.org/},
	urldate = {2022-10-09},
	month = {10},
	year = {2022},
    author = {Kitware Inc. and Contributors}
}

@misc{cheong_ipe_2022,
	title = {The {Ipe} extensible drawing editor},
	url = {https://ipe.otfried.org/},
	urldate = {2022-12-31},
	author = {Cheong, Otfried},
	month = {7},
	year = {2022},
}

@article{alam_computing_2013,
	title = {Computing {Cartograms} with {Optimal} {Complexity}},
	volume = {50},
	doi = {10.1007/s00454-013-9521-1},
	number = {3},
	journal = {Discrete \& Computational Geometry},
	author = {Alam, Md. Jawaherul and Biedl, Therese and Felsner, Stefan and Kaufmann, Michael and Kobourov, Stephen G. and Ueckerdt, Torsten},
	year = {2013},
	pages = {784--810},
}

@article{kozminski_rectangular_1985,
	title = {Rectangular duals of planar graphs},
	volume = {15},
	doi = {10.1002/net.3230150202},
	number = {2},
	journal = {Networks},
	author = {Kozminski, Krzysztof and Kinnen, Edwin},
	year = {1985},
	pages = {145--157},
}
